<?xml version="1.0" encoding="UTF-8"?><collection xmlns="http://www.loc.gov/MARC21/slim"><record><leader>00473nam--2200157-i-4500</leader><controlfield tag="001">000033605</controlfield><controlfield tag="002">20161230</controlfield><controlfield tag="005">20161230201039</controlfield><controlfield tag="008">060222s1000------------r-----000-0-eng-d</controlfield><datafield ind1=" " ind2=" " tag="080"><subfield code="a">517.521.7:517</subfield></datafield><datafield ind1=" " ind2=" " tag="100"><subfield code="a">Nayfeh, Ali Hasan</subfield></datafield><datafield ind1=" " ind2=" " tag="245"><subfield code="a">Perturbation methods</subfield></datafield><datafield ind1=" " ind2=" " tag="260"><subfield code="a">New York, John Wiley &amp; Sons, 1973. Xii + 425p</subfield></datafield><datafield ind1=" " ind2=" " tag="490"><subfield code="a">Pure And Appl.Math., A Wiley-interscience Series Of Text, Monographs And Tracts</subfield></datafield><datafield ind1=" " ind2=" " tag="852"><subfield code="a">39446</subfield><subfield code="c">517</subfield></datafield><datafield ind1=" " ind2=" " tag="CAT"><subfield code="a">Sys</subfield><subfield code="c">20080620</subfield><subfield code="h">095914</subfield></datafield></record></collection>